@misc{ janz:jv400cert,
    author = "{Czech Metrology Institute}",
    title = "{EU}-Type Examination --- Certificate Number: {TCM} 142/10 - 4738 Addition 9",
    year = "2017",
    howpublished  = "\url{https://cgf.janz.pt/wp-content/uploads/2018/04/Anexo-B_JV400.pdf}",
    note = "[Online; accessed 4-May-2021]"
  }

@misc{ smas:almada,
    title = "{APP SMAS Almada}",
    howpublished  = "\url{https://www.smasalmada.pt/web/portal/-/app-smas-almada}",
    note = "[Online; accessed 5-May-2021]"
  }

@misc{ janz:jv400,
    title = "{JANZ JV400}",
    howpublished  = "\url{https://cgf.janz.pt/produto/jv400/?}",
    note = "[Online; accessed 5-May-2021]"
  }

@misc{ janz:impji,
    title = "{JANZ Sensor de Impulsos JI}",
    howpublished  = "\url{https://cgf.janz.pt/produto/sensor-de-impulsos-ji/?}",
    note = "[Online; accessed 5-May-2021]"
  }

@misc{ smas:sintra,
    title = "{Balcão digital SMAS Sintra}",
    howpublished  = "\url{https://www.smas-sintra.pt/balcao-digital/}",
    note = "[Online; accessed 5-May-2021]"
  }

@misc{ RNGCryptoServiceProvider,
    title = "{Class RNGCryptoServiceProvider}",
    howpublished  = "\url{https://docs.microsoft.com/en-us/dotnet/api/system.security.cryptography.rngcryptoserviceprovider}",
    note = "[Online; accessed 22-June-2021]"
  }

@misc{ tesseract,
    title = "{Biblioteca Tessreact}",
    howpublished  = "\url{https://github.com/tesseract-ocr/tesseract}",
    note = "[Online; accessed 22-June-2021]"
  }

@misc{ outsusers,
    title = "{Documentação Outsystems: 'Extend the Users' data model' }",
    howpublished  = "\url{https://success.outsystems.com/Documentation/How-to_Guides/Logic/How_to_add_extra_logic_to_Users'_login}",
    note = "[Online; accessed 23-June-2021]"
  }


@misc{ nuget:tess,
    title = "{Package Tesseract}",
    howpublished  = "\url{https://www.nuget.org/packages/tvn-cosine.ocr.tesseract/}",
    note = "[Online; accessed 4-July-2021]"
  }

@misc{ dataurl,
    title = "{The data URL scheme }",
    howpublished  = "\url{https://datatracker.ietf.org/doc/html/rfc2397}",
    note = "[Online; accessed 7-July-2021]"
  }

@misc{ digits,
    title = "{Traineddata digits file }",
    howpublished  = "\url{https://github.com/Shreeshrii/tessdata_shreetest/blob/master/digits.traineddata}",
    note = "[Online; accessed 7-July-2021]"
  }

@misc{ bddtests,
    title = "{Your Complete Guide To BDD Testing In OutSystems }",
    howpublished  = "\url{https://www.outsystems.com/blog/posts/bdd-testing/}",
    note = "[Online; accessed 8-July-2021]"
  }

@misc{ cookies,
    title = "{Cookie usage in OutSystems applications}",
    howpublished  = "\url{https://success.outsystems.com/Support/Enterprise_Customers/Maintenance_and_Operations Cookie_usage_in_OutSystems_applications/}",
    note = "[Online; accessed 10-July-2021]"
  }

@misc{ sessfix,
    title = "{Session fixation }",
    howpublished  = "\url{https://owasp.org/www-community/attacks/Session_fixation}",
    note = "[Online; accessed 10-July-2021]"
  }

@misc{ crsf,
    title = "{Cross Site Request Forgery (CSRF)}",
    howpublished  = "\url{https://owasp.org/www-community/attacks/csrf}",
    note = "[Online; accessed10-July-2021]"
  }

@misc{ gartner,
    title = "{Magic Quadrant for Enterprise Low-Code Application Platforms}",
    howpublished  = "\url{https://www.gartner.com/doc/reprints?id=1-25MRWL6A&ct=210325&st=sb}",
    note = "[Online; accessed 22-July-2021]"
  }

@misc{ mywater,
    title = "{Janz MyWater - Serviço de Leitura Remota do Consumo de Água}",
    howpublished  = "\url{https://cgf.janz.pt/tecnologia/telemetria-mywater/}",
    note = "[Online; accessed 24-July-2021]"
  }

@misc{ isosys,
    title = "{ISO/IEC 19514:2017 Information technology — Object management group systems modeling language (OMG SysML)}",
    howpublished  = "\url{https://www.iso.org/standard/65231.html}",
    note = "[Online; accessed 24-July-2021]"
  }
