@misc{ janz:jv400cert,
    author = "{Czech Metrology Institute}",
    title = "{EU}-Type Examination --- Certificate Number: {TCM} 142/10 - 4738 Addition 9",
    year = "2017",
    url = "https://cgf.janz.pt/wp-content/uploads/2018/04/Anexo-B_JV400.pdf",
    note = "[Online; accessed 4-May-2021]"
  }

@misc{ smas:almada,
    title = "{APP SMAS Almada}",
    url = "https://www.smasalmada.pt/web/portal/-/app-smas-almada",
    note = "[Online; accessed 5-May-2021]"
  }

@misc{ janz:jv400,
    title = "{JANZ JV400}",
    url = "https://cgf.janz.pt/produto/jv400/?",
    note = "[Online; accessed 5-May-2021]"
  }

@misc{ janz:impji,
    title = "{JANZ Sensor de Impulsos JI}",
    url = "https://cgf.janz.pt/produto/sensor-de-impulsos-ji/?",
    note = "[Online; accessed 5-May-2021]"
  }

@misc{ smas:sintra,
    title = "{Balc√£o digital SMAS Sintra}",
    url = "https://www.smas-sintra.pt/balcao-digital/",
    note = "[Online; accessed 5-May-2021]"
  }




